@article{Abbas2023,
  doi = {10.1145/3563357},
  url = {https://doi.org/10.1145/3563357},
  year = {2023},
  month = {dec},
  publisher = {Association for Computing Machinery},
  volume = {55},
  number = {13s},
  pages = {273:1-273:37},
  author = {Hafiz Abbas and Nouman Emmanuel and Muhammad Faizan Amjad and Tayyaba Yaqoob and Mohammed Atiquzzaman and Zahid Iqbal and Usman Ashfaq},
  title = {Security Assessment and Evaluation of VPNs: A Comprehensive Survey},
  journal = {ACM Computing Surveys}
}

@article{Alshalan2016,
  title={A survey of mobile VPN technologies},
  author={Alshalan, Abdulaziz and Pisharody, Suman and Huang, Dong},
  journal={IEEE Communications Surveys \& Tutorials},
  volume={18},
  number={2},
  pages={1177--1196},
  year={2016},
  publisher={IEEE}
}

@misc{Blancaflor2024,
  author={Blancaflor, E. and Armado, J. and Cabral, C. and Laurenio, E. and Salanguste, J.},
  title={A comparative analysis of VPN applications and their security capabilities},
  year={2024}
}

@inproceedings{Dutkowska2022,
  title={How and why people use virtual private networks},
  author={Dutkowska-{\.Z}uk, Anna and Hounsel, Alison and Morrill, Angela and Xiong, Amy and Chetty, Marshini and Feamster, Nick},
  booktitle={31st USENIX Security Symposium},
  year={2022}
}

@misc{ErdoÄŸan2008,
  author={Erdo{\~g}an, A. and Y{\i}zb, D.},
  title={Virtual private networks (VPNs): A survey},
  year={2008}
}

@inproceedings{Fassl2023,
  title={Investigating security folklore: A case study on the Tor over VPN phenomenon},
  author={Fassl, Matthias and Ponticello, Annalisa and Dabrowski, Andrzej and Krombholz, Katharina},
  booktitle={Proceedings of the ACM Human-Computer Interaction},
  year={2023}
}

@inproceedings{Ikram2016,
  title={An analysis of the privacy and security risks of android VPN permission-enabled apps},
  author={Ikram, Muhammad and Vallina-Rodriguez, Narseo and Seneviratne, Save and Kaafar, Mohamed Ali and Paxson, Vern},
  booktitle={Internet Measurement Conference},
  year={2016}
}

@inproceedings{Khan2018,
  title={An empirical analysis of the commercial VPN ecosystem},
  author={Khan, Mobin Tahir and DeBlasio, Joseph and Voelker, Geoffrey M and Snoeren, Alex C and Kanich, Chris and Vallina-Rodriguez, Narseo},
  booktitle={Internet Measurement Conference},
  year={2018}
}

@article{Khanvilkar2004,
  title={Virtual private networks: An overview with performance evaluation},
  author={Khanvilkar, Sachin and Khokhar, Ashfaq},
  journal={IEEE Communications Magazine},
  volume={42},
  number={10},
  pages={146--154},
  year={2004},
  publisher={IEEE}
}

@article{Mehrnezhad2022,
  title={How can and would people protect from online tracking?},
  author={Mehrnezhad, Maryam and Coopamootoo, Kevin and Toreini, Elham},
  journal={Proceedings on Privacy Enhancing Technologies},
  volume={2022},
  number={1},
  pages={105--125},
  year={2022}
}

@misc{Moore2024,
  author={Moore, L. and Mori, T.},
  title={VPN awareness and misconceptions: A comparative study in Canadian and Japanese contexts},
  year={2024}
}

@article{Namara2020,
  title={Emotional and practical considerations towards the adoption and abandonment of VPNs as a privacy-enhancing technology},
  author={Namara, Maria and Wilkinson, David and Caine, Kelly},
  journal={Proceedings on Privacy Enhancing Technologies},
  volume={2020},
  number={1},
  pages={83--102},
  year={2020}
}

@inproceedings{Ramesh2023,
  title={``All of them claim to be the best": Multi-perspective study of VPN users and VPN providers},
  author={Ramesh, Rishab and Vyas, Aashish and Ensafi, Roya},
  booktitle={32nd USENIX Security Symposium},
  year={2023}
}

@inproceedings{Ramesh2022,
  title={VPNalyzer: Systematic investigation of the VPN ecosystem},
  author={Ramesh, Rishab and Evdokimov, Leonid and Xue, Daniel and Ensafi, Roya},
  booktitle={n/a},
  year={2022}
}

@article{PriyankaP15,
  author       = {B. H. Priyanka and
                  Ravi Prakash},
  title        = {A Critical Survey Of Privacy Infrastructures},
  journal      = {CoRR},
  volume       = {abs/1512.07207},
  year         = {2015},
  url          = {http://arxiv.org/abs/1512.07207},
  eprinttype    = {arXiv},
  eprint       = {1512.07207},
  timestamp    = {Mon, 13 Aug 2018 16:47:46 +0200},
  biburl       = {https://dblp.org/rec/journals/corr/PriyankaP15.bib},
  bibsource    = {dblp computer science bibliography, https://dblp.org}
}

@inproceedings{Singh2016,
  title={A new approach for the security of VPN},
  author={Singh, Kamalnath Kishor V and Gupta, Harshita},
  booktitle={Second International Conference on Information and Communication Technology for Competitive Strategies},
  year={2016}
}

@inproceedings{Sombatruang2020,
  title={Attributes affecting user decision to adopt a virtual private network (VPN) app},
  author={Sombatruang, Natthaphon and Omiya, Takuya and Miyamoto, Daisuke and Sasse, M Angela and Kadobayashi, Yoshinari and Baddeley, Marie},
  booktitle={n/a},
  year={2020}
}

@article{Story2021,
  title={Awareness, adoption, and misconceptions of web privacy tools},
  author={Story, Peter and Smullen, Daniel and Yao, Yixin and Acquisti, Alessandro and Cranor, Lorrie Faith and Sadeh, Norman and Schaub, Florian},
  journal={Proceedings on Privacy Enhancing Technologies},
  volume={2021},
  number={4},
  pages={308--333},
  year={2021}
}

@inproceedings{Wilson2020,
  title={Investigation into the security and privacy of iOS VPN applications},
  author={Wilson, Jack and McLuskie, David and Bayne, Ewan},
  booktitle={15th International Conference on Availability, Reliability and Security},
  year={2020}
}

@inproceedings{Xu2020,
  title={Research on network security of VPN technology},
  author={Xu, Zhipeng and Ni, Jin},
  booktitle={International Conference on Information Science and Education},
  year={2020}
}
